%% This BibTeX bibliography file was created using BibDesk.
%% http://bibdesk.sourceforge.net/


%% Created for Edwin at 2014-01-06 15:38:47 +0100 


%% Saved with string encoding Unicode (UTF-8) 



@book{hdr,
	Author = {J.R.R. Tolkien},
	Date-Added = {2014-01-06 08:56:26 +0000},
	Date-Modified = {2014-01-06 08:56:52 +0000},
	Keywords = {Fantasy},
	Title = {Der Herr der Ringe}}

@book{hobbit,
	Author = {J:R.R. Tolkien},
	Date-Added = {2014-01-06 08:55:34 +0000},
	Date-Modified = {2014-01-06 14:37:00 +0000},
	Keywords = {Fantasy},
	Title = {Der Hobbit},
	Year = {1937}}
